@Comment @article{guth,
@Comment 	doi = {10.1017/s0305004115000468},
@Comment 	year = {2015},
@Comment 	month = {sep},

@Comment 	publisher = {Cambridge University Press ({CUP})},

@Comment 	volume = {159},

@Comment 	number = {3},

@Comment 	pages = {459--469},

@Comment 	author = {LARRY GUTH},

@Comment 	title = {Polynomial partitioning for a set of varieties},

@Comment 	journal = {Mathematical Proceedings of the Cambridge Philosophical Society}
@Comment }

@article{guth,
  title={Literate Programming},
  author={Donald E. Knuth},
  journal={The Computer Journal},
  volume={27},
  number={2},
  pages={97--111},
  year={1984},
  publisher={Oxford University Press}
}